@misc{kaggle,
  title = {Zillow prize: Zillow's home value prediction},
  howpublished = {\url{https://www.kaggle.com/c/zillow-prize-1}},
  note = {Accessed: 2018-08-01}
}

@misc{krtlatimer,
  title = {Model to improve Zillow Zestimate for Kaggle competition},
  howpublished = {\url{https://github.com/rtlatimer/Zillow-Zestimate-Kaggle}},
  note = {Accessed: 2018-08-01}
}

